@InCollection{Yu1997,
  author    = {Yu, Sheng},
  title     = {Handbook of Formal Languages, Vol. 1},
  booktitle = {Handbook of Formal Languages, Vol. 1},
  publisher = {Springer},
  __NOP__publisher = {Springer-Verlag New York, Inc.},
  year      = {1997},
  __NOP__editor    = {Rozenberg, Grzegorz and Salomaa, Arto},
  chapter   = {Regular Languages},
  pages     = {41--110},
  __NOP__address   = {New York, NY, USA},
  isbn      = {3-540-60420-0},
  acmid     = {267848},
  numpages  = {70},
  __NOP__url       = {http://dl.acm.org/citation.cfm?id=267846.267848}
}
@Misc{tata2007,
  author       = {H. Comon and M. Dauchet and R. Gilleron and C. L\"oding and F. Jacquemard and D. Lugiez and S. Tison and M. Tommasi},
  title        = {Tree Automata Techniques and Applications},
  howpublished = {Available on: \url{http://www.grappa.univ-lille3.fr/tata}},
  year         = {2007},
  __NOP__note         = {release October, 12th 2007}
}
@article{TraytelN15,
  author    = {Dmitriy Traytel and Tobias Nipkow},
  title     = {Verified decision procedures for {MSO} on words based on derivatives of regular expressions},
  journal   = {J. Funct. Program.},
  volume    = {25},
  year      = {2015},
  __NOP__url       = {https://doi.org/10.1017/S0956796815000246},
  __NOP__doi       = {10.1017/S0956796815000246},
  timestamp = {Sat, 27 May 2017 01:00:00 +0200},
  biburl    = {https://dblp.org/rec/bib/journals/jfp/TraytelN15},
  bibsource = {dblp computer science bibliography, https://dblp.org}
}
@inproceedings{Traytel15,
  author    = {Dmitriy Traytel},
  title     = {A Coalgebraic Decision Procedure for {WS1S}},
  booktitle = {24th {EACSL} Annual Conference on Computer Science Logic, {CSL} 2015, September 7-10, 2015, Berlin, Germany},
  pages     = {487--503},
  year      = {2015},
  __NOP__crossref  = {DBLP:conf/csl/2015},
  __NOP__url       = {https://doi.org/10.4230/LIPIcs.CSL.2015.487},
  __NOP__doi       = {10.4230/LIPIcs.CSL.2015.487},
  timestamp = {Wed, 24 May 2017 01:00:00 +0200},
  biburl    = {https://dblp.org/rec/bib/conf/csl/Traytel15},
  bibsource = {dblp computer science bibliography, https://dblp.org}
}
@InProceedings{Wulf2006,
  author    = {Martin De Wulf and Laurent Doyen and Thomas A. Henzinger and Jean{-}Fran{\c{c}}ois Raskin},
  title     = {Antichains: {A} New Algorithm for Checking Universality of Finite Automata},
  __NOP__booktitle = {Computer Aided Verification, 18th International Conference, {CAV} 2006, Seattle, WA, USA, August 17-20, 2006, Proceedings},
  booktitle = {18th, {CAV} 2006, Proceedings},
  year      = {2006},
  __NOP__editor    = {Thomas Ball and Robert B. Jones},
  volume    = {4144},
  series    = {{LNCS}},
  __NOP__series    = {Lecture Notes in Computer Science},
  pages     = {17--30},
  publisher = {Springer},
  bibsource = {dblp computer science bibliography, http://dblp.org},
  biburl    = {http://dblp.org/rec/bib/conf/cav/WulfDHR06},
  __NOP__doi       = {10.1007/11817963_5}
}
@inproceedings{BonchiP13,
  author    = {Filippo Bonchi and Damien Pous},
  title     = {Checking {NFA} equivalence with bisimulations up to congruence},
  booktitle = {{POPL} '13},
  __NOP__booktitle = {The 40th Annual {ACM} {SIGPLAN-SIGACT} Symposium on Principles of
                  Programming Languages, {POPL} '13, Rome, Italy - January 23 -
                  25, 2013},
  pages     = {457--468},
  year      = {2013},
  __NOP__crossref  = {DBLP:conf/popl/2013},
  __NOP__url       = {http://doi.acm.org/10.1145/2429069.2429124},
  __NOP__doi       = {10.1145/2429069.2429124},
  timestamp = {Thu, 15 Jun 2017 21:39:11 +0200},
  biburl    = {https://dblp.org/rec/bib/conf/popl/BonchiP13},
  bibsource = {dblp computer science bibliography, https://dblp.org}
}
@InProceedings{KlaEtAl:Mona,
  author    = {J.G. Henriksen and Jensen,J. and J{\o}rgensen, M. and Klarlund, N. and Paige, B. and Rauhe, T. and Sandholm, A.},
  title     = {Mona: Monadic Second-order logic in practice},
  booktitle = {TACAS '95, LNCS 1019},
  __NOP__booktitle = {Tools and Algorithms for the Construction and Analysis of Systems, First International Workshop, TACAS '95, LNCS 1019},
  year      = {1995},
}
@InProceedings{Fiedor2015,
  author    = {Tom{\'{a}}s Fiedor and Luk{\'{a}}s Hol{\'{\i}}k and Ondrej Leng{\'{a}}l and Tom{\'{a}}s Vojnar},
  title     = {Nested Antichains for {WS1S}},
  booktitle = {{TACAS}, {ETAPS} 2015. Proceedings},
  __NOP__booktitle = {Tools and Algorithms for the Construction and Analysis of Systems - 21st International Conference, {TACAS} 2015, Held as Part of the European Joint Conferences on Theory and Practice of Software, {ETAPS} 2015, London, UK, April 11-18, 2015. Proceedings},
  year      = {2015},
  __NOP__editor    = {Christel Baier and Cesare Tinelli},
  volume    = {9035},
  series    = {{LNCS}},
  __NOP__series    = {Lecture Notes in Computer Science},
  pages     = {658--674},
  publisher = {Springer},
  bibsource = {dblp computer science bibliography, http://dblp.org},
  biburl    = {http://dblp.org/rec/bib/conf/tacas/FiedorHLV15},
  __NOP__doi       = {10.1007/978-3-662-46681-0_59},
}

@InProceedings{Fiedor2017,
  author    = {Tom{\'{a}}s Fiedor and Luk{\'{a}}s Hol{\'{\i}}k and Petr Janku and Ondrej Leng{\'{a}}l and Tom{\'{a}}s Vojnar},
  title     = {Lazy Automata Techniques for {WS1S}},
  booktitle = {{TACAS}, {ETAPS} 2017, Proceedings, Part {I}},
  __NOP__booktitle = {Tools and Algorithms for the Construction and Analysis of Systems - 23rd International Conference, {TACAS} 2017, Held as Part of the European Joint Conferences on Theory and Practice of Software, {ETAPS} 2017, Uppsala, Sweden, April 22-29, 2017, Proceedings, Part {I}},
  year      = {2017},
  __NOP__editor    = {Axel Legay and Tiziana Margaria},
  volume    = {10205},
  series    = {{LNCS}},
  __NOP__series    = {Lecture Notes in Computer Science},
  pages     = {407--425},
  bibsource = {dblp computer science bibliography, http://dblp.org},
  biburl    = {http://dblp.org/rec/bib/conf/tacas/FiedorHJLV17},
  __NOP__doi       = {10.1007/978-3-662-54577-5_24},
}
@InCollection{Thomas:1997,
  author    = {Thomas, Wolfgang},
  title     = {Handbook of Formal Languages, Vol. 3},
  booktitle = {Handbook of Formal Languages: Volume 3. Beyond Words},
  publisher = {Springer-Verlag},
  __NOP__publisher = {Springer-Verlag New York, Inc.},
  year      = {1997},
  __NOP__editor    = {Rozenberg, Grzegorz and Salomaa, Arto},
  chapter   = {Languages, Automata, and Logic},
  pages     = {389--455},
  __NOP__address   = {New York, NY, USA},
  isbn      = {3-540-60649-1},
  acmid     = {267878},
  numpages  = {67},
  __NOP__url       = {http://dl.acm.org/citation.cfm?id=267871.267878},
}
@Book{Kozen:1997,
  title     = {Automata and Computability},
  __NOP__publisher = {Springer-Verlag New York, Inc.},
  publisher = {Springer-Verlag},
  year      = {1997},
  author    = {Kozen, Dexter C.},
  __NOP__address   = {Secaucus, NJ, USA},
  edition   = {1st},
  isbn      = {0387949070},
}
